@article{example2023,
  title={Example Research Paper},
  author={Smith, John and Johnson, Jane},
  journal={Journal of Example Research},
  volume={42},
  number={3},
  pages={123--145},
  year={2023},
  publisher={Example Publisher},
  doi={10.1234/example.2023.001}
}

@book{template2024,
  title={Research Project Template: A Comprehensive Guide},
  author={Template Team},
  year={2024},
  publisher={Academic Press},
  address={New York, NY},
  isbn={978-0123456789}
}

@inproceedings{optimization2022,
  title={Advanced Optimization Techniques for Machine Learning},
  author={Brown, Alice and Wilson, Robert},
  booktitle={Proceedings of the International Conference on Machine Learning},
  pages={456--467},
  year={2022},
  organization={ICML}
}

@misc{pandoc2024,
  title={Pandoc: A universal document converter},
  author={{Pandoc Development Team}},
  year={2024},
  url={https://pandoc.org/},
  note={Accessed: 2024-10-09}
}
